@article{Xblock,
  author    = {Peilin Zheng and
               Zibin Zheng and
               Jiajing Wu and
               Hong{-}Ning Dai},
  title     = {XBlock-ETH: Extracting and Exploring Blockchain Data From Ethereum},
  journal   = {{IEEE} Open J. Comput. Soc.},
  volume    = {1},
  pages     = {95--106},
  year      = {2020}
}



@inproceedings{tool_paper,
  author    = {Thomas Durieux and
               Jo{\~{a}}o F. Ferreira and
               Rui Abreu and
               Pedro Cruz},
  title     = {Empirical review of automated analysis tools on 47, 587 Ethereum smart
               contracts},
  booktitle = {{ICSE} '20: 42nd International Conference on Software Engineering},
  pages     = {530--541},
  publisher = {{ACM}},
  year      = {2020},
  address   = {Seoul, South Korea}
}

@article{discussed_blockchain,
  author    = {Zhiyuan Wan and
               Xin Xia and
               Ahmed E. Hassan},
  title     = {What Do Programmers Discuss About Blockchain? {A} Case Study on the
               Use of Balanced {LDA} and the Reference Architecture of a Domain to
               Capture Online Discussions About Blockchain Platforms Across Stack
               Exchange Communities},
  journal   = {{IEEE} Trans. Software Eng.},
  volume    = {47},
  number    = {7},
  pages     = {1331--1349},
  year      = {2021}
}

@article{mobile_asking,
  title={What are mobile developers asking about? a large scale study using stack overflow},
  author={Rosen, Christoffer and Shihab, Emad},
  journal={Empirical Software Engineering},
  volume={21},
  number={3},
  pages={1192--1223},
  year={2016},
  publisher={Springer}
}

@article{obsolete_answer,
  title={An empirical study of obsolete answers on Stack Overflow},
  author={Zhang, Haoxiang and Wang, Shaowei and Chen, Tse-Hsun and Zou, Ying and Hassan, Ahmed E},
  journal={IEEE Transactions on Software Engineering},
  volume={47},
  number={4},
  pages={850--862},
  year={2019},
  publisher={IEEE}
}

@inproceedings{source,
  title={You get where you're looking for: The impact of information sources on code security},
  author={Acar, Yasemin and Backes, Michael and Fahl, Sascha and Kim, Doowon and Mazurek, Michelle L and Stransky, Christian},
  booktitle={2016 IEEE Symposium on Security and Privacy (SP)},
  pages={289--305},
  year={2016},
  publisher={IEEE}
}

@article{topic_stackoverflow,
  title={What are developers talking about? an analysis of topics and trends in stack overflow},
  author={Barua, Anton and Thomas, Stephen W and Hassan, Ahmed E},
  journal={Empirical Software Engineering},
  volume={19},
  number={3},
  pages={619--654},
  year={2014}
}


@inproceedings{data1,
  title={Employing source code information to improve question-answering in Stack Overflow},
  author={Diamantopoulos, Themistoklis and Symeonidis, Andreas},
  booktitle={2015 IEEE/ACM 12th Working Conference on Mining Software Repositories},
  pages={454--457},
  year={2015}
}

@inproceedings{data2,
  title={Spotting working code examples},
  author={Keivanloo, Iman and Rilling, Juergen and Zou, Ying},
  booktitle={Proceedings of the 36th International Conference on Software Engineering},
  pages={664--675},
  year={2014}
}

@article{data3,
  author    = {Jin{-}Woo Park and
               Mu{-}Woong Lee and
               Jong{-}Won Roh and
               Seung{-}won Hwang and
               Sunghun Kim},
  title     = {Surfacing code in the dark: an instant clone search approach},
  journal   = {Knowl. Inf. Syst.},
  volume    = {41},
  number    = {3},
  pages     = {727--759},
  year      = {2014},
}

@article{data4,
  author    = {Kathryn T. Stolee and
               Sebastian G. Elbaum and
               Daniel Dobos},
  title     = {Solving the Search for Source Code},
  journal   = {{ACM} Trans. Softw. Eng. Methodol.},
  volume    = {23},
  number    = {3},
  pages     = {26:1--26:45},
  year      = {2014}
}

@inproceedings{data5,
  title={Making sense of online code snippets},
  author={Subramanian, Siddharth and Holmes, Reid},
  booktitle={2013 10th Working Conference on Mining Software Repositories (MSR)},
  pages={85--88},
  year={2013},
  organization={IEEE}
}

@inproceedings{partial_java,
  title={Enabling static analysis for partial java programs},
  author={Dagenais, Barth{\'e}l{\'e}my and Hendren, Laurie},
  booktitle={Proceedings of the 23rd ACM SIGPLAN conference on Object-oriented programming systems languages and applications},
  pages={313--328},
  year={2008}
}

@inproceedings{fisher1,
  title={Stack overflow considered harmful? the impact of copy\&paste on android application security},
  author={Fischer, Felix and B{\"o}ttinger, Konstantin and Xiao, Huang and Stransky, Christian and Acar, Yasemin and Backes, Michael and Fahl, Sascha},
  booktitle={2017 IEEE Symposium on Security and Privacy (SP)},
  pages={121--136},
  year={2017},
  organization={IEEE}
}

@inproceedings{oyente,
  author    = {Loi Luu and
               Duc{-}Hiep Chu and
               Hrishi Olickel and
               Prateek Saxena and
               Aquinas Hobor},
  title     = {Making Smart Contracts Smarter},
  booktitle = {Proceedings of the 2016  Conference on Computer and
               Communications Security},
  pages     = {254--269},
  publisher = {{ACM}},
  year      = {2016}
}

@inproceedings{honey,
  author    = {Christof Ferreira Torres and
               Mathis Steichen and
               Radu State},
  title     = {The Art of The Scam: Demystifying Honeypots in Ethereum Smart Contracts},
  booktitle = {28th {USENIX} Security Symposium},
  pages     = {1591--1607},
  publisher = {{USENIX} Association},
  year      = {2019}
}

@inproceedings{maian,
  author    = {Ivica Nikolic and
               Aashish Kolluri and
               Ilya Sergey and
               Prateek Saxena and
               Aquinas Hobor},
  title     = {Finding The Greedy, Prodigal, and Suicidal Contracts at Scale},
  booktitle = {Proceedings of the 34th Annual Computer Security Applications Conference},
  pages     = {653--663},
  publisher = {{ACM}},
  year      = {2018}
}

@inproceedings{Osiris,
  author    = {Christof Ferreira Torres and
               Julian Sch{\"{u}}tte and
               Radu State},
  title     = {Osiris: Hunting for Integer Bugs in Ethereum Smart Contracts},
  booktitle = {Proceedings of the 34th Annual Computer Security Applications Conference},
  pages     = {664--676},
  publisher = {{ACM}},
  year      = {2018}
}

@ARTICLE{define_defect,
  author    = {Jiachi Chen and
               Xin Xia and
               David Lo and
               John C. Grundy and
               Xiapu Luo and
               Ting Chen},
  title     = {Defining Smart Contract Defects on Ethereum},
  journal   = {{IEEE} Trans. Software Eng.},
  volume    = {48},
  number    = {2},
  pages     = {327--345},
  year      = {2022}
 }
  
  @inproceedings{attack,
  author    = {Nicola Atzei and
               Massimo Bartoletti and
               Tiziana Cimoli},
  title     = {A Survey of Attacks on Ethereum Smart Contracts (SoK)},
  booktitle = {Principles of Security and Trust - 6th International Conference},
  series    = {Lecture Notes in Computer Science},
  volume    = {10204},
  pages     = {164--186},
  publisher = {Springer},
  year      = {2017}
}

@article{smart_contract,
  author    = {Nick Szabo},
  title     = {Formalizing and Securing Relationships on Public Networks},
  journal   = {First Monday},
  volume    = {2},
  number    = {9},
  year      = {1997},
  pages={1-23}
}

@inproceedings{clone_esystem,
  author    = {Ningyu He and
               Lei Wu and
               Haoyu Wang and
               Yao Guo and
               Xuxian Jiang},
  title     = {Characterizing Code Clones in the Ethereum Smart Contract Ecosystem},
  booktitle = {Financial Cryptography and Data Security - 24th International Conference},
  series    = {Lecture Notes in Computer Science},
  volume    = {12059},
  pages     = {654--675},
  publisher = {Springer},
  year      = {2020}
}


@inproceedings{smartembed,
  author    = {Zhipeng Gao and
               Vinoj Jayasundara and
               Lingxiao Jiang and
               Xin Xia and
               David Lo and
               John C. Grundy},
  title     = {SmartEmbed: {A} Tool for Clone and Bug Detection in Smart Contracts
               through Structural Code Embedding},
  booktitle = {2019 {IEEE} International Conference on Software Maintenance and Evolution},
  pages     = {394--397},
  publisher = {{IEEE}},
  year      = {2019}
}

@inproceedings{eclone,
  title={Eclone: Detect semantic clones in ethereum via symbolic transaction sketch},
  author={Liu, Han and Yang, Zhiqiang and Liu, Chao and Jiang, Yu and Zhao, Wenqi and Sun, Jiaguang},
  booktitle={Proceedings of the 2018 26th ACM Joint Meeting on European Software Engineering Conference and Symposium on the Foundations of Software Engineering},
  pages={900--903},
  year={2018}
}

@inproceedings{Slither,
  author    = {Josselin Feist and
               Gustavo Grieco and
               Alex Groce},
  title     = {Slither: a static analysis framework for smart contracts},
  booktitle = {Proceedings of the 2nd International Workshop on Emerging Trends in
               Software Engineering for Blockchain},
  pages     = {8--15},
  publisher = {{IEEE} / {ACM}},
  year      = {2019}
}


@inproceedings{Mythril,
  title={Smashing ethereum smart contracts for fun and real profit},
  author={Mueller, Bernhard},
  booktitle={9th Annual HITB Security Conference},
  pages={54-55},
  year={2018}
}

@inproceedings{bleu,
  author    = {Kishore Papineni and
               Salim Roukos and
               Todd Ward and
               Wei{-}Jing Zhu},
  title     = {Bleu: a Method for Automatic Evaluation of Machine Translation},
  booktitle = {Proceedings of the 40th Annual Meeting of the Association for Computational},
  pages     = {311--318},
  publisher = {{ACL}},
  year      = {2002}
}

@article{ASE16,
  title={SyMSS: A syntax-based measure for short-text semantic similarity},
  author={Oliva, Jes{\'u}s and Serrano, Jos{\'e} Ignacio and del Castillo, Mar{\'\i}a Dolores and Iglesias, {\'A}ngel},
  journal={Data \& Knowledge Engineering},
  volume={70},
  number={4},
  pages={390--405},
  year={2011},
}

@article{ASE20,
  title={Comparison and evaluation of code clone detection techniques and tools: A qualitative approach},
  author={Roy, Chanchal K and Cordy, James R and Koschke, Rainer},
  journal={Science of computer programming},
  volume={74},
  number={7},
  pages={470--495},
  year={2009},
  publisher={Elsevier}
}

@inproceedings{ASE39,
 author = {Mikolov, Tomas and Sutskever, Ilya and Chen, Kai and Corrado, Greg and Dean, Jeffrey},
 title = {Distributed Representations of Words and Phrases and Their Compositionality},
 booktitle = {Proceedings of the 26th International Conference on Neural Information Processing Systems},
 series = {NIPS'13},
 year = {2013},
 pages = {3111--3119},
 numpages = {9},
 publisher = {Curran Associates Inc.}
} 


@inproceedings{ASE53,
 author = {Baxter, Ira D. and Yahin, Andrew and Moura, Leonardo and Sant'Anna, Marcelo and Bier, Lorraine},
 title = {Clone Detection Using Abstract Syntax Trees},
 booktitle = {Proceedings of the International Conference on Software Maintenance},
 series = {ICSM '98},
 year = {1998},
 pages = {368--},
 publisher = {IEEE Computer Society}
} 

@inproceedings{ASE54,
 author = {Zhu, Jieming and He, Pinjia and Fu, Qiang and Zhang, Hongyu and Lyu, Michael R. and Zhang, Dongmei},
 title = {Learning to Log: Helping Developers Make Informed Logging Decisions},
 booktitle = {Proceedings of the 37th International Conference on Software Engineering - Volume 1},
 year = {2015},
 pages = {415--425},
 publisher = {IEEE Press},
} 

@article{ASE55,
  title={Algorithm AS 136: A K-Means Clustering Algorithm},
  author={Hartigan, J. A. and Wong, M. A.},
  journal={Journal of the Royal Statistical Society},
  volume={28},
  number={1},
  pages={100-108},
  year={1979},
}



@INPROCEEDINGS{ASE56,
author={X. {He} and B. {Qin} and Y. {Zhu} and X. {Chen} and Y. {Liu}},
booktitle={2018 IEEE 42nd Annual Computer Software and Applications Conference (COMPSAC)},
title={SPESC: A Specification Language for Smart Contracts},
year={2018},
pages={132-137},
}


@INPROCEEDINGS {ASE57,
author = {L. Yu and W. Tsai and G. Li and Y. Yao and C. Hu and E. Deng},
booktitle = {2017 11th IEEE Symposium on Service-Oriented System Engineering (SOSE)},
title = {Smart-Contract Execution with Concurrent Block Building},
year = {2017},
volume = {},
issn = {},
pages = {160-167},
publisher = {IEEE Computer Society},
address = {Los Alamitos, CA, USA},
month = {apr}
}

@inproceedings{ASE58,
 author = {Dickerson, Thomas and Gazzillo, Paul and Herlihy, Maurice and Koskinen, Eric},
 title = {Adding Concurrency to Smart Contracts},
 booktitle = {Proceedings of the ACM Symposium on Principles of Distributed Computing},
 series = {PODC '17},
 year = {2017},
 isbn = {978-1-4503-4992-5},
 location = {Washington, DC, USA},
 pages = {303--312},
 numpages = {10},
} 

@INPROCEEDINGS{ASE59,
author={A. Kosba and A. Miller and E. Shi and Z. Wen and C. Papamanthou},
booktitle={2016 IEEE Symposium on Security and Privacy (SP)},
title={Hawk: The Blockchain Model of Cryptography and Privacy-Preserving Smart Contracts},
year={2016},
volume={},
number={},
pages={839-858},

ISSN={2375-1207},
month={May},}

@article{ASE60,
  author    = {Shelly Grossman and
               Ittai Abraham and
               Guy Golan{-}Gueta and
               Yan Michalevsky and
               Noam Rinetzky and
               Mooly Sagiv and
               Yoni Zohar},
  title     = {Online Detection of Effectively Callback Free Objects with Applications
               to Smart Contracts},
  journal   = {CoRR},
  volume    = {abs/1801.04032},
  year      = {2018}
}

@inproceedings{ASE61,
 author = {Chen, Weili and Zheng, Zibin and Cui, Jiahui and Ngai, Edith and Zheng, Peilin and Zhou, Yuren},
 title = {Detecting Ponzi Schemes on Ethereum: Towards Healthier Blockchain Technology},
 booktitle = {Proceedings of the 2018 World Wide Web Conference},
 series = {WWW '18},
 year = {2018},
 isbn = {978-1-4503-5639-8},
 location = {Lyon, France},
 pages = {1409--1418},
 numpages = {10}
} 

@article{ASE62,
  title={Dissecting Ponzi schemes on Ethereum: identification, analysis, and impact},
  author={Bartoletti, Massimo and Carta, Salvatore and Cimoli, Tiziana and Saia, Roberto},
  journal={Future Generation Computer Systems},
  volume={102},
  pages={259--277},
  year={2020},
  publisher={Elsevier}
}

@article{ASE63,
  title={A Grammar of Institutions},
  author={Ostrom, Elinor},
  journal={American Political Science Review},
  volume={89},
  number={3},
  pages={582-600},
  year={1995},
}

@INPROCEEDINGS{ASE64,
author={S. Porru and A. Pinna and M. Marchesi and R. Tonelli},
booktitle={2017 IEEE/ACM 39th International Conference on Software Engineering Companion (ICSE-C)},
title={Blockchain-Oriented Software Engineering: Challenges and New Directions},
year={2017},
volume={},
number={},
pages={169-171},

ISSN={},
month={May},}

@INPROCEEDINGS{ASE65,
author={C. K. Frantz and M. Nowostawski},
booktitle={2016 IEEE 1st International Workshops on Foundations and Applications of Self* Systems (FAS*W)},
title={From Institutions to Code: Towards Automated Generation of Smart Contracts},
year={2016},
volume={},
number={},
pages={210-215},
ISSN={},
month={Sept},
}

@InProceedings{ASE66,
author="Chen, Ting
and Li, Xiaoqi
and Wang, Ying
and Chen, Jiachi
and Li, Zihao
and Luo, Xiapu
and Au, Man Ho
and Zhang, Xiaosong",

editor="Liu, Joseph K.
and Samarati, Pierangela",

title="An Adaptive Gas Cost Mechanism for Ethereum to Defend Against Under-Priced DoS Attacks",

booktitle="Information Security Practice and Experience",

year="2017",

publisher="Springer International Publishing",

pages="3--24",

isbn="978-3-319-72359-4"
}



@InProceedings{ASE67,

author="Atzei, Nicola
and Bartoletti, Massimo
and Cimoli, Tiziana",
editor="Maffei, Matteo
and Ryan, Mark",

title="A Survey of Attacks on Ethereum Smart Contracts (SoK)",
booktitle="Principles of Security and Trust",

year="2017",

publisher="Springer Berlin Heidelberg",

address="Berlin, Heidelberg",

pages="164--186",

isbn="978-3-662-54455-6"
}



@INPROCEEDINGS{ASE68,
author={T. {Chen} and X. {Li} and X. {Luo} and X. {Zhang}},
booktitle={2017 IEEE 24th International Conference on Software Analysis, Evolution and Reengineering (SANER)},
title={Under-optimized smart contracts devour your money},
year={2017},
volume={},
number={},
pages={442-446},

ISSN={},
month={Feb},}

@article{ASE69,
  author    = {Edy Portmann},
  title     = {Rezension "Blockchain: Blueprint for a New Economy"},
  journal   = {{HMD} Prax. Wirtsch.},
  volume    = {55},
  number    = {6},
  pages     = {1362--1364},
  year      = {2018}
}

@ARTICLE{ASE70,
author={K. Christidis and M. Devetsikiotis},
journal={IEEE Access},
title={Blockchains and Smart Contracts for the Internet of Things},
year={2016},
volume={4},
number={},
pages={2292-2303},

ISSN={2169-3536},
month={},}


@inproceedings{ASE71,
 author = {Juels, Ari and Kosba, Ahmed and Shi, Elaine},
 title = {The Ring of Gyges: Investigating the Future of Criminal Smart Contracts},
 booktitle = {Proceedings of the 2016 ACM SIGSAC Conference on Computer and Communications Security},
 series = {CCS '16},
 year = {2016},
 isbn = {978-1-4503-4139-4},
 location = {Vienna, Austria},
 pages = {283--295},
 numpages = {13},
} 

@InProceedings{ASE72,

author="Norta, Alex",

title="Creation of Smart-Contracting Collaborations for Decentralized Autonomous Organizations",

booktitle="Perspectives in Business Informatics Research",

year="2015",

publisher="Springer International Publishing",

address="Cham",

pages="3--17",

isbn="978-3-319-21915-8"
}


@inproceedings{ASE73,
 author = {Luu, Loi and Chu, Duc-Hiep and Olickel, Hrishi and Saxena, Prateek and Hobor, Aquinas},
 title = {Making Smart Contracts Smarter},
 booktitle = {Proceedings of the 2016 ACM SIGSAC Conference on Computer and Communications Security},
 series = {CCS '16},
 year = {2016},
 isbn = {978-1-4503-4139-4},
 location = {Vienna, Austria},
 pages = {254--269},
 numpages = {16},
} 

@article{ASE74,

title = "A survey on the security of blockchain systems",

journal = "Future Generation Computer Systems",

year = "2017",

issn = "0167-739X",
}

@inproceedings{ASE75,
 author = {Mandelin, David and Xu, Lin and Bod\'{\i}k, Rastislav and Kimelman, Doug},
 title = {Jungloid Mining: Helping to Navigate the API Jungle},
 booktitle = {Proceedings of the 2005 ACM SIGPLAN Conference on Programming Language Design and Implementation},
 series = {PLDI '05},
 year = {2005},
 isbn = {1-59593-056-6},
 pages = {48--61},
 numpages = {14},
} 

@INPROCEEDINGS{ASE76,
author={M. R. Marri and S. Thummalapenta and T. Xie},
booktitle={2009 ICSE Workshop on Search-Driven Development-Users, Infrastructure, Tools and Evaluation},
title={Improving software quality via code searching and mining},
year={2009},
volume={},
number={},
pages={33-36},

ISSN={},
month={May},}

@ARTICLE{ASE77,
author={T. T. A. Dinh and R. Liu and M. Zhang and G. Chen and B. C. Ooi and J. Wang},
journal={IEEE Transactions on Knowledge and Data Engineering},
title={Untangling Blockchain: A Data Processing View of Blockchain Systems},
year={2018},
volume={30},
number={7},
pages={1366-1385},

ISSN={1041-4347},
month={July},}

@INPROCEEDINGS{ASE78,
author={Z. Zheng and S. Xie and H. Dai and X. Chen and H. Wang},
booktitle={2017 IEEE International Congress on Big Data (BigData Congress)},
title={An Overview of Blockchain Technology: Architecture, Consensus, and Future Trends},
year={2017},
volume={},
number={},
pages={557-564},

ISSN={},
month={June},}

@article{ASE79,
  title={The idea of smart contracts (1997)},
  author={Nick, Szabo},
  journal={http://www.fon. hum.uva.nl/rob/Courses/InformationInSpeech/CDROM/Liter ature/LOTwinterschool2006/szabo.best.vwh.net/idea.html},
  volume={},
  number={},
  pages={},
  year={2008},
}

@inproceedings{ASE80 ,
language = {English},
copyright = {Compilation and indexing terms, Copyright 2018 Elsevier Inc.},
copyright = {Compendex},
title = {Optimal selfish mining strategies in bitcoin},
journal = {Lecture Notes in Computer Science (including subseries Lecture Notes in Artificial Intelligence and Lecture Notes in Bioinformatics)},
author = {Sapirshtein, Ayelet and Sompolinsky, Yonatan and Zohar, Aviv},
volume = {9603 LNCS},
year = {2017},
pages = {515 - 532},
issn = {03029743},
} 

@INPROCEEDINGS{ASE81,
author={R. C. Merkle},
booktitle={1980 IEEE Symposium on Security and Privacy},
title={Protocols for Public Key Cryptosystems},
year={1980},
volume={},
number={},
pages={122-122},
ISSN={1540-7993},
month={April},}

@book{ASE82,
 author = {Swan, Melanie},
 title = {Blockchain: Blueprint for a New Economy},
 year = {2015},
 isbn = {1491920491, 9781491920497},
 edition = {1st},
 publisher = {O'Reilly Media, Inc.},
} 

@InProceedings{ASE83,
author="Wang, Bozhi
and Chen, Shiping
and Yao, Lina
and Liu, Bin
and Xu, Xiwei
and Zhu, Liming",
title="A Simulation Approach for Studying Behavior and Quality of Blockchain Networks",
booktitle="Blockchain -- ICBC 2018",
year="2018",
publisher="Springer International Publishing",
address="Cham",
pages="18--31",
}


@InProceedings{ASE84,
author="Parizi, Reza M.
and Amritraj
and Dehghantanha, Ali",
title="Smart Contract Programming Languages on Blockchains: An Empirical Evaluation of Usability and Security",
booktitle="Blockchain -- ICBC 2018",
year="2018",
publisher="Springer International Publishing",
address="Cham",
pages="75--91",
isbn="978-3-319-94478-4"
}



@inproceedings{ASE85,
author = {Zheng, Peilin and Zheng, Zibin and Luo, Xiapu and Chen, Xiangping and Liu, Xuanzhe},
year = {2018},
month = {05},
pages = {134-143},
title = {A detailed and real-time performance monitoring framework for blockchain systems},

booktitle = {International Conference on Software Engineering Software Engineering in Practice - ICSE-SEIP '18}
}


@inproceedings{ASE86,
 author = {Jiang, Jiajun and Xiong, Yingfei and Zhang, Hongyu and Gao, Qing and Chen, Xiangqun},
 title = {Shaping Program Repair Space with Existing Patches and Similar Code},
 booktitle = {Proceedings of the 27th ACM SIGSOFT International Symposium on Software Testing and Analysis},
 series = {ISSTA 2018},
 year = {2018},
 isbn = {978-1-4503-5699-2},
 location = {Amsterdam, Netherlands},
 pages = {298--309},
 numpages = {12},
} 


@INPROCEEDINGS{ASE87,
author={R. {Yue} and Z. {Gao} and N. {Meng} and Y. {Xiong} and X. {Wang} and J. D. {Morgenthaler}},
booktitle={2018 IEEE International Conference on Software Maintenance and Evolution (ICSME)},
title={Automatic Clone Recommendation for Refactoring Based on the Present and the Past},
year={2018},
volume={},
number={},
pages={115-126},

ISSN={2576-3148},
month={Sep.},}

@INPROCEEDINGS{ASE88,
author={Huang, Yuan  and Zheng, Qiaoyang  and Chen, Xiangping  and Xiong, Yingfei  and Liu, Zhiyong  and Luo, Xiaonan},
booktitle={2017 ACM/IEEE International Symposium on Empirical Software Engineering and Measurement (ESEM)},
title={Mining Version Control System for Automatically Generating Commit Comment},
year={2017},
volume={},
number={},
pages={414-423},

ISSN={},
month={Nov},}

@inproceedings{ASE89,
 author = {Huang, Yuan and Jia, Nan and Zhou, Qiang and Chen, Xiangping and Xiong, Yingfei and Luo, Xiaonan},
 title = {Guiding Developers to Make Informative Commenting Decisions in Source Code},
 booktitle = {Proceedings of the 40th International Conference on Software Engineering: Companion Proceeedings},
 series = {ICSE '18},
 year = {2018},
 isbn = {978-1-4503-5663-3},
 location = {Gothenburg, Sweden},
 pages = {260--261},
 numpages = {2},
} 

@inproceedings{ASE90,
 author = {Huang, Yuan and Jia, Nan and Chen, Xiangping and Hong, Kai and Zheng, Zibin},
 title = {Salient-class Location: Help Developers Understand Code Change in Code Review},
 booktitle = {Proceedings of the 2018 26th ACM Joint Meeting on European Software Engineering Conference and Symposium on the Foundations of Software Engineering},
 series = {ESEC/FSE 2018},
 year = {2018},
 isbn = {978-1-4503-5573-5},
 location = {Lake Buena Vista, FL, USA},
 pages = {770--774},
 numpages = {5},
} 

@article{ASE91,
author = {Huang, Yuan and Chen, Xiangping and Liu, Zhiyong and Luo, Xiaonan and Zheng, Zibin},
title = {Using discriminative feature in software entities for relevance identification of code changes},
journal = {Journal of Software: Evolution and Process},
volume = {29},
number = {7},
pages = {e1859},
year = {2017}
}

@INPROCEEDINGS{analysis_modern,  author={Openja, Moses and Adams, Bram and Khomh, Foutse},  booktitle={2020 IEEE International Conference on Software Maintenance and Evolution (ICSME)},   title={Analysis of Modern Release Engineering Topics : – A Large-Scale Study using StackOverflow –},   year={2020},  volume={},  number={},  pages={104-114},  }






@inproceedings{so_torrent,
  title={Sotorrent: Reconstructing and analyzing the evolution of stack overflow posts},
  author={Baltes, Sebastian and Dumani, Lorik and Treude, Christoph and Diehl, Stephan},
  booktitle={Proceedings of the 15th international conference on mining software repositories},
  pages={319--330},
  year={2018}
}

%qp
@INPROCEEDINGS{ASE15,
author={R. Wettel and R. Marinescu},
booktitle={Seventh International Symposium on Symbolic and Numeric Algorithms for Scientific Computing (SYNASC'05)},
title={Archeology of code duplication: recovering duplication chains from small duplication fragments},
year={2005},
pages={8}
}

@article{ASE16,
  title={SyMSS: A syntax-based measure for short-text semantic similarity},
  author={Oliva, Jes{\'u}s and Serrano, Jos{\'e} Ignacio and del Castillo, Mar{\'\i}a Dolores and Iglesias, {\'A}ngel},
  journal={Data \& Knowledge Engineering},
  volume={70},
  number={4},
  pages={390--405},
  year={2011},
}


@article{ASE20,
 author = {Roy, Chanchal K. and Cordy, James R. and Koschke, Rainer},
 title = {Comparison and Evaluation of Code Clone Detection Techniques and Tools: A Qualitative Approach},
 journal = {Sci. Comput. Program.},
 issue_date = {May, 2009},
 volume = {74},
 number = {7},
 month = may,
 year = {2009},
 issn = {0167-6423},
 pages = {470--495},
 numpages = {26},
} 

@inproceedings{ASE39,
 author = {Mikolov, Tomas and Sutskever, Ilya and Chen, Kai and Corrado, Greg and Dean, Jeffrey},
 title = {Distributed Representations of Words and Phrases and Their Compositionality},
 booktitle = {Proceedings of the 26th International Conference on Neural Information Processing Systems},
 series = {NIPS'13},
 year = {2013},
 location = {Lake Tahoe, Nevada},
 pages = {3111--3119},
 numpages = {9},
 publisher = {Curran Associates Inc.},
 address = {USA},
} 

@inproceedings{ASE53,
 author = {Baxter, Ira D. and Yahin, Andrew and Moura, Leonardo and Sant'Anna, Marcelo and Bier, Lorraine},
 title = {Clone Detection Using Abstract Syntax Trees},
 booktitle = {Proceedings of the International Conference on Software Maintenance},
 series = {ICSM '98},
 year = {1998},
 isbn = {0-8186-8779-7},
 pages = {368--},
 acmid = {853341},
 publisher = {IEEE Computer Society},
 address = {Washington, DC, USA},
} 

@inproceedings{ASE54,
 author = {Zhu, Jieming and He, Pinjia and Fu, Qiang and Zhang, Hongyu and Lyu, Michael R. and Zhang, Dongmei},
 title = {Learning to Log: Helping Developers Make Informed Logging Decisions},
 booktitle = {Proceedings of the 37th International Conference on Software Engineering - Volume 1},
 series = {ICSE '15},
 year = {2015},
 isbn = {978-1-4799-1934-5},
 location = {Florence, Italy},
 pages = {415--425},
 numpages = {11},
 acmid = {2818807},
 publisher = {IEEE Press},
 address = {Piscataway, NJ, USA},
} 

@article{ASE55,
  title={Algorithm AS 136: A K-Means Clustering Algorithm},
  author={Hartigan, J. A. and Wong, M. A.},
  journal={Journal of the Royal Statistical Society},
  volume={28},
  number={1},
  pages={100-108},
  year={1979},
}



@INPROCEEDINGS{ASE56,
author={X. {He} and B. {Qin} and Y. {Zhu} and X. {Chen} and Y. {Liu}},
booktitle={2018 IEEE 42nd Annual Computer Software and Applications Conference (COMPSAC)},
title={SPESC: A Specification Language for Smart Contracts},
year={2018},
volume={01},
number={},
pages={132-137},

ISSN={0730-3157},
month={July},}


@INPROCEEDINGS {ASE57,
author = {L. Yu and W. Tsai and G. Li and Y. Yao and C. Hu and E. Deng},
booktitle = {2017 11th IEEE Symposium on Service-Oriented System Engineering (SOSE)},
title = {Smart-Contract Execution with Concurrent Block Building},
year = {2017},
volume = {},
issn = {},
pages = {160-167},
publisher = {IEEE Computer Society},
address = {Los Alamitos, CA, USA},
month = {apr}
}

@inproceedings{ASE58,
 author = {Dickerson, Thomas and Gazzillo, Paul and Herlihy, Maurice and Koskinen, Eric},
 title = {Adding Concurrency to Smart Contracts},
 booktitle = {Proceedings of the ACM Symposium on Principles of Distributed Computing},
 series = {PODC '17},
 year = {2017},
 isbn = {978-1-4503-4992-5},
 location = {Washington, DC, USA},
 pages = {303--312},
 numpages = {10},
 publisher = {ACM},
 address = {New York, NY, USA},
} 

@INPROCEEDINGS{ASE59,
author={A. Kosba and A. Miller and E. Shi and Z. Wen and C. Papamanthou},
booktitle={2016 IEEE Symposium on Security and Privacy (SP)},
title={Hawk: The Blockchain Model of Cryptography and Privacy-Preserving Smart Contracts},
year={2016},
volume={},
number={},
pages={839-858},

ISSN={2375-1207},
month={May},}

@article{ASE60,
  title={Online detection of effectively callback free objects with applications to smart contracts},
  author={Grossman, Shelly and Abraham, Ittai and Golan-Gueta, Guy and Michalevsky, Yan and Rinetzky, Noam and Sagiv, Mooly and Zohar, Yoni},
  journal={Proceedings of the ACM on Programming Languages},
  volume={2},
  number={POPL},
  pages={1--28},
  year={2017},
  publisher={ACM New York, NY, USA}
}

@article{ASE62,
  title={Dissecting Ponzi schemes on Ethereum: identification, analysis, and impact},
  author={Bartoletti, Massimo and Carta, Salvatore and Cimoli, Tiziana and Saia, Roberto},
  journal={Future Generation Computer Systems},
  volume={102},
  pages={259--277},
  year={2020},
  publisher={Elsevier}
}

@article{ASE63,
  title={A Grammar of Institutions},
  author={Ostrom, Elinor},
  journal={American Political Science Review},
  volume={89},
  number={3},
  pages={582-600},
  year={1995},
}

@INPROCEEDINGS{ASE64,
author={S. Porru and A. Pinna and M. Marchesi and R. Tonelli},
booktitle={2017 IEEE/ACM 39th International Conference on Software Engineering Companion (ICSE-C)},
title={Blockchain-Oriented Software Engineering: Challenges and New Directions},
year={2017},
volume={},
number={},
pages={169-171},

ISSN={},
month={May},}

@INPROCEEDINGS{ASE65,
author={C. K. Frantz and M. Nowostawski},
booktitle={2016 IEEE 1st International Workshops on Foundations and Applications of Self* Systems (FAS*W)},
title={From Institutions to Code: Towards Automated Generation of Smart Contracts},
year={2016},
volume={},
number={},
pages={210-215},

ISSN={},
month={Sept},}

@InProceedings{ASE66,

author="Chen, Ting
and Li, Xiaoqi
and Wang, Ying
and Chen, Jiachi
and Li, Zihao
and Luo, Xiapu
and Au, Man Ho
and Zhang, Xiaosong",

editor="Liu, Joseph K.
and Samarati, Pierangela",

title="An Adaptive Gas Cost Mechanism for Ethereum to Defend Against Under-Priced DoS Attacks",

booktitle="Information Security Practice and Experience",

year="2017",

publisher="Springer International Publishing",

address="Cham",

pages="3--24",

isbn="978-3-319-72359-4"
}



@InProceedings{ASE67,

author="Atzei, Nicola
and Bartoletti, Massimo
and Cimoli, Tiziana",
editor="Maffei, Matteo
and Ryan, Mark",

title="A Survey of Attacks on Ethereum Smart Contracts (SoK)",
booktitle="Principles of Security and Trust",

year="2017",

publisher="Springer Berlin Heidelberg",

address="Berlin, Heidelberg",

pages="164--186",

isbn="978-3-662-54455-6"
}



@INPROCEEDINGS{ASE68,
author={T. {Chen} and X. {Li} and X. {Luo} and X. {Zhang}},
booktitle={2017 IEEE 24th International Conference on Software Analysis, Evolution and Reengineering (SANER)},
title={Under-optimized smart contracts devour your money},
year={2017},
volume={},
number={},
pages={442-446},

ISSN={},
month={Feb},}






@ARTICLE{ASE70,
author={K. Christidis and M. Devetsikiotis},
journal={IEEE Access},
title={Blockchains and Smart Contracts for the Internet of Things},
year={2016},
volume={4},
number={},
pages={2292-2303},

ISSN={2169-3536},
month={},}


@inproceedings{ASE71,
 author = {Juels, Ari and Kosba, Ahmed and Shi, Elaine},
 title = {The Ring of Gyges: Investigating the Future of Criminal Smart Contracts},
 booktitle = {Proceedings of the 2016 ACM SIGSAC Conference on Computer and Communications Security},
 series = {CCS '16},
 year = {2016},
 isbn = {978-1-4503-4139-4},
 location = {Vienna, Austria},
 pages = {283--295},
 numpages = {13},
} 

@InProceedings{ASE72,

author="Norta, Alex",

title="Creation of Smart-Contracting Collaborations for Decentralized Autonomous Organizations",

booktitle="Perspectives in Business Informatics Research",

year="2015",

publisher="Springer International Publishing",

address="Cham",

pages="3--17",

isbn="978-3-319-21915-8"
}


@inproceedings{ASE73,
 author = {Luu, Loi and Chu, Duc-Hiep and Olickel, Hrishi and Saxena, Prateek and Hobor, Aquinas},
 title = {Making Smart Contracts Smarter},
 booktitle = {Proceedings of the 2016 ACM SIGSAC Conference on Computer and Communications Security},
 series = {CCS '16},
 year = {2016},
 isbn = {978-1-4503-4139-4},
 location = {Vienna, Austria},
 pages = {254--269},
 numpages = {16},
} 

@article{ASE74,

title = "A survey on the security of blockchain systems",

journal = "Future Generation Computer Systems",

year = "2017",

issn = "0167-739X",


author = "Xiaoqi Li and Peng Jiang and Ting Chen and Xiapu Luo and Qiaoyan Wen",

}

@inproceedings{ASE75,
 author = {Mandelin, David and Xu, Lin and Bod\'{\i}k, Rastislav and Kimelman, Doug},
 title = {Jungloid Mining: Helping to Navigate the API Jungle},
 booktitle = {Proceedings of the 2005 ACM SIGPLAN Conference on Programming Language Design and Implementation},
 series = {PLDI '05},
 year = {2005},
 isbn = {1-59593-056-6},
 location = {Chicago, IL, USA},
 pages = {48--61},
 numpages = {14},
 publisher = {ACM},

} 

@INPROCEEDINGS{ASE76,
author={M. R. Marri and S. Thummalapenta and T. Xie},
booktitle={2009 ICSE Workshop on Search-Driven Development-Users, Infrastructure, Tools and Evaluation},
title={Improving software quality via code searching and mining},
year={2009},
volume={},
number={},
pages={33-36},

ISSN={},
month={May},}

@ARTICLE{ASE77,
author={T. T. A. Dinh and R. Liu and M. Zhang and G. Chen and B. C. Ooi and J. Wang},
journal={IEEE Transactions on Knowledge and Data Engineering},
title={Untangling Blockchain: A Data Processing View of Blockchain Systems},
year={2018},
volume={30},
number={7},
pages={1366-1385},

ISSN={1041-4347},
month={July},}

@INPROCEEDINGS{ASE78,
author={Z. Zheng and S. Xie and H. Dai and X. Chen and H. Wang},
booktitle={2017 IEEE International Congress on Big Data (BigData Congress)},
title={An Overview of Blockchain Technology: Architecture, Consensus, and Future Trends},
year={2017},
volume={},
number={},
pages={557-564},

ISSN={},
month={June},}

@article{ASE79,
  title={The idea of smart contracts (1997)},
  author={Nick, Szabo},
  journal={http://www.fon. hum.uva.nl/rob/Courses/InformationInSpeech/CDROM/Liter ature/LOTwinterschool2006/szabo.best.vwh.net/idea.html},
  volume={},
  number={},
  pages={},
  year={2008},
}

@inproceedings{ASE80 ,
language = {English},
copyright = {Compilation and indexing terms, Copyright 2018 Elsevier Inc.},
copyright = {Compendex},
title = {Optimal selfish mining strategies in bitcoin},
journal = {Lecture Notes in Computer Science (including subseries Lecture Notes in Artificial Intelligence and Lecture Notes in Bioinformatics)},
author = {Sapirshtein, Ayelet and Sompolinsky, Yonatan and Zohar, Aviv},
volume = {9603 LNCS},
year = {2017},
pages = {515 - 532},
issn = {03029743},
} 

@INPROCEEDINGS{ASE81,
author={R. C. Merkle},
booktitle={1980 IEEE Symposium on Security and Privacy},
title={Protocols for Public Key Cryptosystems},
year={1980},
volume={},
number={},
pages={122-122},

ISSN={1540-7993},
month={April},}





@inproceedings{ASE85,
author = {Zheng, Peilin and Zheng, Zibin and Luo, Xiapu and Chen, Xiangping and Liu, Xuanzhe},
year = {2018},
month = {05},
pages = {134-143},
title = {A detailed and real-time performance monitoring framework for blockchain systems},

booktitle = {International Conference on Software Engineering Software Engineering in Practice - ICSE-SEIP '18}
}


@inproceedings{ASE86,
 author = {Jiang, Jiajun and Xiong, Yingfei and Zhang, Hongyu and Gao, Qing and Chen, Xiangqun},
 title = {Shaping Program Repair Space with Existing Patches and Similar Code},
 booktitle = {Proceedings of the 27th ACM SIGSOFT International Symposium on Software Testing and Analysis},
 series = {ISSTA 2018},
 year = {2018},
 isbn = {978-1-4503-5699-2},
 location = {Amsterdam, Netherlands},
 pages = {298--309},
 numpages = {12},
 publisher = {ACM},
} 


@INPROCEEDINGS{ASE87,
author={R. {Yue} and Z. {Gao} and N. {Meng} and Y. {Xiong} and X. {Wang} and J. D. {Morgenthaler}},
booktitle={2018 IEEE International Conference on Software Maintenance and Evolution (ICSME)},
title={Automatic Clone Recommendation for Refactoring Based on the Present and the Past},
year={2018},
volume={},
number={},
pages={115-126},

ISSN={2576-3148},
month={Sep.},}

@INPROCEEDINGS{ASE88,
author={Huang, Yuan  and Zheng, Qiaoyang  and Chen, Xiangping  and Xiong, Yingfei  and Liu, Zhiyong  and Luo, Xiaonan},
booktitle={2017 ACM/IEEE International Symposium on Empirical Software Engineering and Measurement (ESEM)},
title={Mining Version Control System for Automatically Generating Commit Comment},
year={2017},
volume={},
number={},
pages={414-423},

ISSN={},
month={Nov},}

@inproceedings{ASE89,
 author = {Huang, Yuan and Jia, Nan and Zhou, Qiang and Chen, Xiangping and Xiong, Yingfei and Luo, Xiaonan},
 title = {Guiding Developers to Make Informative Commenting Decisions in Source Code},
 booktitle = {Proceedings of the 40th International Conference on Software Engineering: Companion Proceeedings},
 series = {ICSE '18},
 year = {2018},
 isbn = {978-1-4503-5663-3},
 location = {Gothenburg, Sweden},
 pages = {260--261},
 numpages = {2},
 publisher = {ACM},

} 

@inproceedings{ASE90,
 author = {Huang, Yuan and Jia, Nan and Chen, Xiangping and Hong, Kai and Zheng, Zibin},
 title = {Salient-class Location: Help Developers Understand Code Change in Code Review},
 booktitle = {Proceedings of the 2018 26th ACM Joint Meeting on European Software Engineering Conference and Symposium on the Foundations of Software Engineering},
 series = {ESEC/FSE 2018},
 year = {2018},
 isbn = {978-1-4503-5573-5},
 location = {Lake Buena Vista, FL, USA},
 pages = {770--774},
 numpages = {5},
 publisher = {ACM},
} 

@article{ASE91,
author = {Huang, Yuan and Chen, Xiangping and Liu, Zhiyong and Luo, Xiaonan and Zheng, Zibin},
title = {Using discriminative feature in software entities for relevance identification of code changes},
journal = {Journal of Software: Evolution and Process},
volume = {29},
number = {7},
pages = {e1859},
year = {2017}
}


@article{ASE16,
  title={SyMSS: A syntax-based measure for short-text semantic similarity},
  author={Oliva, Jes{\'u}s and Serrano, Jos{\'e} Ignacio and del Castillo, Mar{\'\i}a Dolores and Iglesias, {\'A}ngel},
  journal={Data \& Knowledge Engineering},
  volume={70},
  number={4},
  pages={390--405},
  year={2011},
}


@article{ASE20,
 author = {Roy, Chanchal K. and Cordy, James R. and Koschke, Rainer},
 title = {Comparison and Evaluation of Code Clone Detection Techniques and Tools: A Qualitative Approach},
 journal = {Sci. Comput. Program.},
 issue_date = {May, 2009},
 volume = {74},
 number = {7},
 month = may,
 year = {2009},
 issn = {0167-6423},
 pages = {470--495},
 numpages = {26},
 publisher = {Elsevier North-Holland, Inc.},

} 

@inproceedings{ASE39,
 author = {Mikolov, Tomas and Sutskever, Ilya and Chen, Kai and Corrado, Greg and Dean, Jeffrey},
 title = {Distributed Representations of Words and Phrases and Their Compositionality},
 booktitle = {Proceedings of the 26th International Conference on Neural Information Processing Systems},
 series = {NIPS'13},
 year = {2013},
 location = {Lake Tahoe, Nevada},
 pages = {3111--3119},
 numpages = {9},
 publisher = {Curran Associates Inc.},
 address = {USA},
} 

@inproceedings{ASE53,
 author = {Baxter, Ira D. and Yahin, Andrew and Moura, Leonardo and Sant'Anna, Marcelo and Bier, Lorraine},
 title = {Clone Detection Using Abstract Syntax Trees},
 booktitle = {Proceedings of the International Conference on Software Maintenance},
 series = {ICSM '98},
 year = {1998},
 isbn = {0-8186-8779-7},
 pages = {368--},
 publisher = {IEEE Computer Society},
 address = {Washington, DC, USA},
} 

@inproceedings{ASE54,
 author = {Zhu, Jieming and He, Pinjia and Fu, Qiang and Zhang, Hongyu and Lyu, Michael R. and Zhang, Dongmei},
 title = {Learning to Log: Helping Developers Make Informed Logging Decisions},
 booktitle = {Proceedings of the 37th International Conference on Software Engineering - Volume 1},
 series = {ICSE '15},
 year = {2015},
 isbn = {978-1-4799-1934-5},
 location = {Florence, Italy},
 pages = {415--425},
 numpages = {11},
 publisher = {IEEE Press},
 address = {Piscataway, NJ, USA},
} 

@article{ASE55,
  title={Algorithm AS 136: A K-Means Clustering Algorithm},
  author={Hartigan, J. A. and Wong, M. A.},
  journal={Journal of the Royal Statistical Society},
  volume={28},
  number={1},
  pages={100-108},
  year={1979},
}



@INPROCEEDINGS{ASE56,
author={X. {He} and B. {Qin} and Y. {Zhu} and X. {Chen} and Y. {Liu}},
booktitle={2018 IEEE 42nd Annual Computer Software and Applications Conference (COMPSAC)},
title={SPESC: A Specification Language for Smart Contracts},
year={2018},
volume={01},
number={},
pages={132-137},

ISSN={0730-3157},
month={July},}


@INPROCEEDINGS {ASE57,
author = {L. Yu and W. Tsai and G. Li and Y. Yao and C. Hu and E. Deng},
booktitle = {2017 11th IEEE Symposium on Service-Oriented System Engineering (SOSE)},
title = {Smart-Contract Execution with Concurrent Block Building},
year = {2017},
volume = {},
issn = {},
pages = {160-167},
publisher = {IEEE Computer Society},
address = {Los Alamitos, CA, USA},
month = {apr}
}

@inproceedings{ASE58,
 author = {Dickerson, Thomas and Gazzillo, Paul and Herlihy, Maurice and Koskinen, Eric},
 title = {Adding Concurrency to Smart Contracts},
 booktitle = {Proceedings of the ACM Symposium on Principles of Distributed Computing},
 series = {PODC '17},
 year = {2017},
 isbn = {978-1-4503-4992-5},
 location = {Washington, DC, USA},
 pages = {303--312},
 numpages = {10},
 publisher = {ACM},
 address = {New York, NY, USA},
} 

@INPROCEEDINGS{ASE59,
author={A. Kosba and A. Miller and E. Shi and Z. Wen and C. Papamanthou},
booktitle={2016 IEEE Symposium on Security and Privacy (SP)},
title={Hawk: The Blockchain Model of Cryptography and Privacy-Preserving Smart Contracts},
year={2016},
volume={},
number={},
pages={839-858},

ISSN={2375-1207},
month={May},}

@article{ASE60,
  title={Online detection of effectively callback free objects with applications to smart contracts},
  author={Grossman, Shelly and Abraham, Ittai and Golan-Gueta, Guy and Michalevsky, Yan and Rinetzky, Noam and Sagiv, Mooly and Zohar, Yoni},
  journal={Proceedings of the ACM on Programming Languages},
  volume={2},
  number={POPL},
  pages={1--28},
  year={2017},
  publisher={ACM New York, NY, USA}
}

@ARTICLE{ASE62,
   author = {{Bartoletti}, M. and {Carta}, S. and {Cimoli}, T. and {Saia}, R.
	},
    title = "{Dissecting Ponzi schemes on Ethereum: identification, analysis, and impact}",
  journal = {ArXiv e-prints},
archivePrefix = "arXiv",
   eprint = {1703.03779},
 primaryClass = "cs.CR",
 keywords = {Computer Science - Cryptography and Security},
     year = 2017,
    month = mar,
   adsurl = {http://adsabs.harvard.edu/abs/2017arXiv170303779B},
  adsnote = {Provided by the SAO/NASA Astrophysics Data System}
}

@article{ASE63,
  title={A Grammar of Institutions},
  author={Ostrom, Elinor},
  journal={American Political Science Review},
  volume={89},
  number={3},
  pages={582-600},
  year={1995},
}

@INPROCEEDINGS{ASE64,
author={S. Porru and A. Pinna and M. Marchesi and R. Tonelli},
booktitle={2017 IEEE/ACM 39th International Conference on Software Engineering Companion (ICSE-C)},
title={Blockchain-Oriented Software Engineering: Challenges and New Directions},
year={2017},
volume={},
number={},
pages={169-171},

ISSN={},
month={May},}

@INPROCEEDINGS{ASE65,
author={C. K. Frantz and M. Nowostawski},
booktitle={2016 IEEE 1st International Workshops on Foundations and Applications of Self* Systems (FAS*W)},
title={From Institutions to Code: Towards Automated Generation of Smart Contracts},
year={2016},
volume={},
number={},
pages={210-215},

ISSN={},
month={Sept},}

@InProceedings{ASE66,

author="Chen, Ting
and Li, Xiaoqi
and Wang, Ying
and Chen, Jiachi
and Li, Zihao
and Luo, Xiapu
and Au, Man Ho
and Zhang, Xiaosong",

editor="Liu, Joseph K.
and Samarati, Pierangela",

title="An Adaptive Gas Cost Mechanism for Ethereum to Defend Against Under-Priced DoS Attacks",

booktitle="Information Security Practice and Experience",

year="2017",

publisher="Springer International Publishing",

address="Cham",

pages="3--24",

isbn="978-3-319-72359-4"
}



@InProceedings{ASE67,

author="Atzei, Nicola
and Bartoletti, Massimo
and Cimoli, Tiziana",
editor="Maffei, Matteo
and Ryan, Mark",

title="A Survey of Attacks on Ethereum Smart Contracts (SoK)",
booktitle="Principles of Security and Trust",

year="2017",

publisher="Springer Berlin Heidelberg",

address="Berlin, Heidelberg",

pages="164--186",

isbn="978-3-662-54455-6"
}



@INPROCEEDINGS{ASE68,
author={T. {Chen} and X. {Li} and X. {Luo} and X. {Zhang}},
booktitle={2017 IEEE 24th International Conference on Software Analysis, Evolution and Reengineering (SANER)},
title={Under-optimized smart contracts devour your money},
year={2017},
volume={},
number={},
pages={442-446},

ISSN={},
month={Feb},}






@ARTICLE{ASE70,
author={K. Christidis and M. Devetsikiotis},
journal={IEEE Access},
title={Blockchains and Smart Contracts for the Internet of Things},
year={2016},
volume={4},
number={},
pages={2292-2303},

ISSN={2169-3536},
month={},}

@inproceedings{ASE71,
  title={The ring of gyges: Investigating the future of criminal smart contracts},
  author={Juels, Ari and Kosba, Ahmed and Shi, Elaine},
  booktitle={Proceedings of the 2016 ACM SIGSAC Conference on Computer and Communications Security},
  pages={283--295},
  year={2016}
}

@InProceedings{ASE72,

author="Norta, Alex",

title="Creation of Smart-Contracting Collaborations for Decentralized Autonomous Organizations",

booktitle="Perspectives in Business Informatics Research",

year="2015",

publisher="Springer International Publishing",

address="Cham",

pages="3--17",

isbn="978-3-319-21915-8"
}


@inproceedings{ASE73,
 author = {Luu, Loi and Chu, Duc-Hiep and Olickel, Hrishi and Saxena, Prateek and Hobor, Aquinas},
 title = {Making Smart Contracts Smarter},
 booktitle = {Proceedings of the 2016 ACM SIGSAC Conference on Computer and Communications Security},
 series = {CCS '16},
 year = {2016},
 isbn = {978-1-4503-4139-4},

 pages = {254--269},
 numpages = {16},
 publisher = {ACM},
} 

@article{ASE74,

title = "A survey on the security of blockchain systems",

journal = "Future Generation Computer Systems",

year = "2017",
author = "Xiaoqi Li and Peng Jiang and Ting Chen and Xiapu Luo and Qiaoyan Wen",

}

@inproceedings{ASE75,
 author = {Mandelin, David and Xu, Lin and Bod\'{\i}k, Rastislav and Kimelman, Doug},
 title = {Jungloid Mining: Helping to Navigate the API Jungle},
 booktitle = {Proceedings of the 2005 ACM SIGPLAN Conference on Programming Language Design and Implementation},
 series = {PLDI '05},
 year = {2005},
 isbn = {1-59593-056-6},
 pages = {48--61},
 numpages = {14},
 publisher = {ACM},
} 

@INPROCEEDINGS{ASE76,
author={M. R. Marri and S. Thummalapenta and T. Xie},
booktitle={2009 ICSE Workshop on Search-Driven Development-Users, Infrastructure, Tools and Evaluation},
title={Improving software quality via code searching and mining},
year={2009},
volume={},
number={},
pages={33-36},

ISSN={},
month={May},}

@ARTICLE{ASE77,
author={T. T. A. Dinh and R. Liu and M. Zhang and G. Chen and B. C. Ooi and J. Wang},
journal={IEEE Transactions on Knowledge and Data Engineering},
title={Untangling Blockchain: A Data Processing View of Blockchain Systems},
year={2018},
volume={30},
number={7},
pages={1366-1385},

ISSN={1041-4347},
month={July},}

@INPROCEEDINGS{ASE78,
author={Z. Zheng and S. Xie and H. Dai and X. Chen and H. Wang},
booktitle={2017 IEEE International Congress on Big Data (BigData Congress)},
title={An Overview of Blockchain Technology: Architecture, Consensus, and Future Trends},
year={2017},
volume={},
number={},
pages={557-564},

ISSN={},
month={June},}

@article{ASE79,
  title={The idea of smart contracts (1997)},
  author={Nick, Szabo},
  journal={http://www.fon. hum.uva.nl/rob/Courses/InformationInSpeech/CDROM/Liter ature/LOTwinterschool2006/szabo.best.vwh.net/idea.html},
  volume={},
  number={},
  pages={},
  year={2008},
}

@inproceedings{ASE80 ,
title = {Optimal selfish mining strategies in bitcoin},
journal = {Lecture Notes in Computer Science (including subseries Lecture Notes in Artificial Intelligence and Lecture Notes in Bioinformatics)},
author = {Sapirshtein, Ayelet and Sompolinsky, Yonatan and Zohar, Aviv},
volume = {9603 LNCS},
year = {2017},
pages = {515 - 532},
} 

@INPROCEEDINGS{ASE81,
author={R. C. Merkle},
booktitle={1980 IEEE Symposium on Security and Privacy},
title={Protocols for Public Key Cryptosystems},
year={1980},
volume={},
number={},
pages={122-122},
ISSN={1540-7993},
month={April},}







@inproceedings{ASE85,
author = {Zheng, Peilin and Zheng, Zibin and Luo, Xiapu and Chen, Xiangping and Liu, Xuanzhe},
year = {2018},
month = {05},
pages = {134-143},
title = {A detailed and real-time performance monitoring framework for blockchain systems},

booktitle = {International Conference on Software Engineering Software Engineering in Practice - ICSE-SEIP '18}
}

@inproceedings{ASE86,
  title={Shaping program repair space with existing patches and similar code},
  author={Jiang, Jiajun and Xiong, Yingfei and Zhang, Hongyu and Gao, Qing and Chen, Xiangqun},
  booktitle={Proceedings of the 27th ACM SIGSOFT international symposium on software testing and analysis},
  pages={298--309},
  year={2018}
}

@INPROCEEDINGS{ASE87,
author={R. {Yue} and Z. {Gao} and N. {Meng} and Y. {Xiong} and X. {Wang} and J. D. {Morgenthaler}},
booktitle={2018 IEEE International Conference on Software Maintenance and Evolution (ICSME)},
title={Automatic Clone Recommendation for Refactoring Based on the Present and the Past},
year={2018},
volume={},
number={},
pages={115-126},

ISSN={2576-3148},
month={Sep.},}

@INPROCEEDINGS{ASE88,
author={Huang, Yuan  and Zheng, Qiaoyang  and Chen, Xiangping  and Xiong, Yingfei  and Liu, Zhiyong  and Luo, Xiaonan},
booktitle={2017 ACM/IEEE International Symposium on Empirical Software Engineering and Measurement (ESEM)},
title={Mining Version Control System for Automatically Generating Commit Comment},
year={2017},
volume={},
number={},
pages={414-423},

ISSN={},
month={Nov},}

@inproceedings{ASE89,
  title={Guiding developers to make informative commenting decisions in source code},
  author={Huang, Yuan and Jia, Nan and Zhou, Qiang and Chen, Xiangping and Xiong, Yingfei and Luo, Xiaonan},
  booktitle={Proceedings of the 40th International Conference on Software Engineering: Companion Proceeedings},
  pages={260--261},
  year={2018}
}

@inproceedings{ASE90,
  title={Salient-class location: Help developers understand code change in code review},
  author={Huang, Yuan and Jia, Nan and Chen, Xiangping and Hong, Kai and Zheng, Zibin},
  booktitle={Proceedings of the 2018 26th ACM Joint Meeting on European Software Engineering Conference and Symposium on the Foundations of Software Engineering},
  pages={770--774},
  year={2018}
}

@article{ASE91,
author = {Huang, Yuan and Chen, Xiangping and Liu, Zhiyong and Luo, Xiaonan and Zheng, Zibin},
title = {Using discriminative feature in software entities for relevance identification of code changes},
journal = {Journal of Software: Evolution and Process},
volume = {29},
number = {7},
pages = {e1859},
year = {2017}
}

@inproceedings{dicos,
  title={Dicos: Discovering Insecure Code Snippets from Stack Overflow Posts by Leveraging User Discussions},
  author={Hong, Hyunji and Woo, Seunghoon and Lee, Heejo},
  booktitle={Annual Computer Security Applications Conference},
  pages={194--206},
  year={2021}
}

@Inbook{cloneIntro,
author="Inoue, Katsuro",
title="Introduction to Code Clone Analysis",
bookTitle="Code Clone Analysis: Research, Tools, and Practices",
year="2021",
publisher="Springer Singapore",
pages="3--27",
}

@article{Ducasse,
  author    = {St{\'{e}}phane Ducasse and
               Oscar Nierstrasz and
               Matthias Rieger},
  title     = {On the effectiveness of clone detection by string matching},
  journal   = {J. Softw. Maintenance Res. Pract.},
  volume    = {18},
  number    = {1},
  pages     = {37--58},
  year      = {2006},
}

@inproceedings{Koschke,
  author    = {Rainer Koschke and
               Raimar Falke and
               Pierre Frenzel},
  title     = {Clone Detection Using Abstract Syntax Suffix Trees},
  booktitle = {13th Working Conference on Reverse Engineering},
  pages     = {253--262},
  publisher = {{IEEE} Computer Society},
  year      = {2006},
}

@inproceedings{RoyC,
  author    = {Manishankar Mondal and
               Chanchal K. Roy and
               James R. Cordy},
  title     = {NiCad: {A} Modern Clone Detector},
  booktitle = {Code Clone Analysis},
  pages     = {45--50},
  publisher = {Springer Singapore},
  year      = {2021}
}

@inproceedings{sdd,
  title={SDD: high performance code clone detection system for large scale source code},
  author={Lee, Seunghak and Jeong, Iryoung},
  booktitle={Companion to the 20th annual ACM SIGPLAN conference on Object-oriented programming, systems, languages, and applications},
  pages={140--141},
  year={2005}
}

@inproceedings{clone57,
  author    = {Douglas R. Cutting and
               Jan O. Pedersen},
  title     = {Optimizations for Dynamic Inverted Index Maintenance},
  booktitle = {SIGIR'90, 13th International Conference on Research and Development
               in Information Retrieval},
  pages     = {405--411},
  publisher = {{ACM}},
  year      = {1990},
}

@article{clone4,
  author    = {Toshihiro Kamiya and
               Shinji Kusumoto and
               Katsuro Inoue},
  title     = {CCFinder: {A} Multilinguistic Token-Based Code Clone Detection System
               for Large Scale Source Code},
  journal   = {{IEEE} Trans. Software Eng.},
  volume    = {28},
  number    = {7},
  pages     = {654--670},
  year      = {2002},
}

@inproceedings{clone8,
  author    = {Brenda S. Baker},
  editor    = {Linda M. Wills and
               Philip Newcomb and
               Elliot J. Chikofsky},
  title     = {On Finding Duplication and Near-Duplication in Large Software Systems},
  booktitle = {2nd Working Conference on Reverse Engineering},
  pages     = {86--95},
  publisher = {{IEEE} Computer Society},
  year      = {1995},
}

@inproceedings{clone10,
  author    = {Miryung Kim and
               Vibha Sazawal and
               David Notkin and
               Gail C. Murphy},
  editor    = {Michel Wermelinger and
               Harald C. Gall},
  title     = {An empirical study of code clone genealogies},
  booktitle = {Proceedings of the 10th European Software Engineering Conference held
               jointly with 13th {ACM} {SIGSOFT} International Symposium on Foundations
               of Software},
  pages     = {187--196},
  publisher = {{ACM}},
  address   = {EngineeringLisbon, Portugal},
  year      = {2005},
}

@inproceedings{clone13,
  author    = {Rainer Koschke and
               Raimar Falke and
               Pierre Frenzel},
  title     = {Clone Detection Using Abstract Syntax Suffix Trees},
  booktitle = {13th Working Conference on Reverse Engineering {(WCRE} 2006)},
  pages     = {253--262},
  publisher = {{IEEE} Computer Society},
  year      = {2006},
}

@inproceedings{clone19,
  title={CloneManager: a tool for detection of type1 and type2 code clones},
  author={Kodhai, Egambaram and Kanmani, Selvadurai and Kamatchi, A and Radhika, R and Saranya, B Vijaya},
  booktitle={International Conference on Business Administration and Information Processing},
  pages={568--570},
  year={2010},
  organization={Springer}
}

@inproceedings{clone22,
  author    = {Raghavan Komondoor and
               Susan Horwitz},
  title     = {Using Slicing to Identify Duplication in Source Code},
  booktitle = {Static Analysis, 8th International Symposium},
  volume    = {2126},
  pages     = {40--56},
  publisher = {Springer},
  year      = {2001},
}

@inproceedings{clone24,
  author    = {Xifeng Yan and
               Jiawei Han and
               Ramin Afshar},
  title     = {CloSpan: Mining Closed Sequential Patterns in Large Datasets},
  booktitle = {Proceedings of the Third {SIAM} International Conference on Data Mining},
  pages     = {166--177},
  publisher = {{SIAM}},
  year      = {2003},
}

@inproceedings{clone31,
  author    = {Jens Krinke},
  title     = {Identifying Similar Code with Program Dependence Graphs},
  booktitle = {Proceedings of the Eighth Working Conference on Reverse Engineering},
  pages     = {301--309},
  publisher = {{IEEE} Computer Society},
  year      = {2001},
}

@inproceedings{clone34,
  author    = {Vera Wahler and
               Dietmar Seipel and
               J{\"{u}}rgen Wolff von Gudenberg and
               Gregor Fischer},
  title     = {Clone Detection in Source Code by Frequent Itemset Techniques},
  booktitle = {4th {IEEE} International Workshop on Source Code Analysis and Manipulation},
  pages     = {128--135},
  address   = {
               Chicago},
  publisher = {{IEEE} Computer Society},
  year      = {2004},
}

@inproceedings{clone35,
  author    = {Jean{-}Fran{\c{c}}ois Patenaude and
               Ettore Merlo and
               Michel Dagenais and
               Bruno Lagu{\"{e}}},
  title     = {Extending Software Quality Assessment Techniques to Java Systems},
  booktitle = {7th International Workshop on Program Comprehension {(IWPC} '99)},
  pages     = {49--56},
  publisher = {{IEEE} Computer Society},
  year      = {1999},
}

@inproceedings{clone38,
  author    = {Mark D. Weiser},
  title     = {Program Slicing},
  booktitle = {Proceedings of the 5th International Conference on Software Engineering},
  pages     = {439--449},
  publisher = {{IEEE} Computer Society},
  year      = {1981},
}

@inproceedings{clone48,
  author    = {Salwa K. Abd{-}El{-}Hafiz},
  title     = {A Metrics-Based Data Mining Approach for Software Clone Detection},
  booktitle = {36th Annual {IEEE} Computer Software and Applications Conference},
  pages     = {35--41},
  publisher = {{IEEE} Computer Society},
  year      = {2012},
}

@book{clone52,
  author    = {Jiawei Han and
               Micheline Kamber},
  title     = {Data Mining: Concepts and Techniques, Second Edition},
  series    = {The Morgan Kaufmann series in data management systems},
  publisher = {Elsevier},
  year      = {2006},
  pages     = {1--770}
}

@inproceedings{clone65,
  author    = {Hiroaki Murakami and
               Keisuke Hotta and
               Yoshiki Higo and
               Hiroshi Igaki and
               Shinji Kusumoto},
  title     = {Folding Repeated Instructions for Improving Token-Based Code Clone
               Detection},
  booktitle = {12th {IEEE} International Working Conference on Source Code Analysis
               and Manipulation, {SCAM}},
  pages     = {64--73},
  publisher = {{IEEE} Computer Society},
  address   = {Riva del Garda, Italy},
  year      = {2012},
}

@inproceedings{learnRust,
  title={Learning Rust: How Experienced Programmers Leverage Resources to Learn a New Programming Language},
  author={Abtahi, Parastoo and Dietz, Griffin},
  booktitle={Extended Abstracts of the 2020 CHI Conference on Human Factors in Computing Systems},
  pages={1--8},
  year={2020}
}

@INPROCEEDINGS{LDAso,  author={Allamanis, Miltiadis and Sutton, Charles},  booktitle={2013 10th Working Conference on Mining Software Repositories (MSR)},   title={Why, when, and what: Analyzing Stack Overflow questions by topic, type, and code},   year={2013},  volume={},  number={},  pages={53-56},  }

/iffalse
@misc{github,
   title = {Github},
   howpublished = {\url{https://github.com/}}
}


@misc{etherscan,
   title = {etherscan},
   howpublished = {\url{https://cn.etherscan.com/}}

}

@misc{jaccard,
   title = {jaccard},
   howpublished = {\url{https://en.wikipedia.org/wiki/Jaccard_index}}

}


@misc{solidity,
   title = {solidity},
   howpublished = {\url{https://solidity-cn.readthedocs.io/zh/develop/index.html}}

}
/fi

@book{compilers,
  author    = {Alfred V. Aho and
               Ravi Sethi and
               Jeffrey D. Ullman},
  title     = {Compilers: Principles, Techniques, and Tools},
  series    = {Addison-Wesley series in computer science / World student series edition},
  publisher = {Addison-Wesley},
  year      = {1986},
  pages      = {1-796}
}


@article{manticore,
  author    = {Florian Zaruba and
               Fabian Schuiki and
               Luca Benini},
  title     = {Manticore: {A} 4096-Core {RISC-V} Chiplet Architecture for Ultraefficient
               Floating-Point Computing},
  journal   = {{IEEE} Micro},
  volume    = {41},
  number    = {2},
  pages     = {36--42},
  year      = {2021},
}

@inproceedings{securify,
  title={Securify: Practical security analysis of smart contracts},
  author={Tsankov, Petar and Dan, Andrei and Drachsler-Cohen, Dana and Gervais, Arthur and Buenzli, Florian and Vechev, Martin},
  booktitle={Proceedings of the 2018 ACM SIGSAC Conference on Computer and Communications Security},
  pages={67--82},
  year={2018}
}

@Inbook{Inoue2021,
author="Inoue, Katsuro",
editor="Inoue, Katsuro
and Roy, Chanchal K.",
title="Introduction to Code Clone Analysis",
bookTitle="Code Clone Analysis: Research, Tools, and Practices",
year="2021",
publisher="Springer Singapore",
address="Singapore",
pages="3--27",
}

@article{gasPattern,
  author    = {Queping Kong and
               Zi{-}Yan Wang and
               Yuan Huang and
               Xiangping Chen and
               Xiao{-}Cong Zhou and
               Zibin Zheng and
               Gang Huang},
  title     = {Characterizing and Detecting Gas-Inefficient Patterns in Smart Contracts},
  journal   = {J. Comput. Sci. Technol.},
  volume    = {37},
  number    = {1},
  pages     = {67--82},
  year      = {2022},
}

@inproceedings{saveMoney,
  author    = {Ting Chen and
               Zihao Li and
               Hao Zhou and
               Jiachi Chen and
               Xiapu Luo and
               Xiaoqi Li and
               Xiaosong Zhang},
  title     = {Towards saving money in using smart contracts},
  booktitle = {Proceedings of the 40th International Conference on Software Engineering:
               New Ideas and Emerging Results, {ICSE}},
  pages     = {81--84},
  publisher = {{ACM}},
  address   = {Gothenburg,
               Sweden},
  year      = {2018},
}

@article{GasChecker,
  author    = {Ting Chen and
               Youzheng Feng and
               Zihao Li and
               Hao Zhou and
               Xiapu Luo and
               Xiaoqi Li and
               Xiuzhuo Xiao and
               Jiachi Chen and
               Xiaosong Zhang},
  title     = {GasChecker: Scalable Analysis for Discovering Gas-Inefficient Smart
               Contracts},
  journal   = {{IEEE} Trans. Emerg. Top. Comput.},
  volume    = {9},
  number    = {3},
  pages     = {1433--1448},
  year      = {2021},
}

@inproceedings{longestSeries,
  author    = {Richard Wettel and
               Radu Marinescu},
  title     = {Archeology of Code Duplication: Recovering Duplication Chains from
               Small Duplication Fragments},
  booktitle = {Seventh International Symposium on Symbolic and Numeric Algorithms
               for Scientific Computing {(SYNASC} 2005), 25-29 September 2005, Timisoara,
               Romania},
  pages     = {63--70},
  publisher = {{IEEE} Computer Society},
  year      = {2005},
}

@inproceedings{bleu-example,
  title={Neural-machine-translation-based commit message generation: how far are we?},
  author={Liu, Zhongxin and Xia, Xin and Hassan, Ahmed E and Lo, David and Xing, Zhenchang and Wang, Xinyu},
  booktitle={Proceedings of the 33rd ACM/IEEE International Conference on Automated Software Engineering},
  pages={373--384},
  year={2018}
}

@inproceedings{fischer2,
  title={Stack overflow considered helpful! deep learning security nudges towards stronger cryptography},
  author={Fischer, Felix and Xiao, Huang and Kao, Ching-Yu and Stachelscheid, Yannick and Johnson, Benjamin and Razar, Danial and Fawkesley, Paul and Buckley, Nat and B{\"o}ttinger, Konstantin and Muntean, Paul and others},
  booktitle={28th USENIX Security Symposium (USENIX Security 19)},
  pages={339--356},
  year={2019}
}

@incollection{nicad,
  author    = {Manishankar Mondal and
               Chanchal K. Roy and
               James R. Cordy},
  title     = {NiCad: {A} Modern Clone Detector},
  booktitle = {Code Clone Analysis},
  pages     = {45--50},
  publisher = {Springer Singapore},
  year      = {2021}
}

@inproceedings{toolSurvey,
  author    = {Monika Di Angelo and
               Gernot Salzer},
  title     = {A Survey of Tools for Analyzing Ethereum Smart Contracts},
  booktitle = {{DAPPCON}},
  pages     = {69--78},
  publisher = {{IEEE}},
  year      = {2019}
}

@article{developers,
  author    = {Yuhao Wu and
               Shaowei Wang and
               Cor{-}Paul Bezemer and
               Katsuro Inoue},
  title     = {How do developers utilize source code from stack overflow?},
  journal   = {Empir. Softw. Eng.},
  volume    = {24},
  number    = {2},
  pages     = {637--673},
  year      = {2019}
}

@article{empiricalC,
  author    = {Morteza Verdi and
               Ashkan Sami and
               Jafar Akhondali and
               Foutse Khomh and
               Gias Uddin and
               Alireza Karami Motlagh},
  title     = {An Empirical Study of {C++} Vulnerabilities in Crowd-Sourced Code
               Examples},
  journal   = {CoRR},
  volume    = {abs/1910.01321},
  year      = {2019}
}